<?xml version="1.0" encoding="UTF-8"?><collection xmlns="http://www.loc.gov/MARC21/slim"><record><leader>00453nam--2200181-u-4500</leader><controlfield tag="001">000055526</controlfield><controlfield tag="002">20161230</controlfield><controlfield tag="005">20161230201052</controlfield><controlfield tag="008">130219s1000------------r-----000-0-eng-d</controlfield><datafield ind1=" " ind2=" " tag="040"><subfield code="a">IFIN-HH</subfield></datafield><datafield ind1=" " ind2=" " tag="080"><subfield code="a">801</subfield></datafield><datafield ind1="1" ind2=" " tag="110"><subfield code="a">United Kingdom Atomic Energy Authority</subfield></datafield><datafield ind1="1" ind2="0" tag="245"><subfield code="a">Glossary of atomic terms</subfield></datafield><datafield ind1=" " ind2=" " tag="250"><subfield code="a">Fifth Edition</subfield></datafield><datafield ind1=" " ind2=" " tag="260"><subfield code="a">London</subfield><subfield code="b">Atomic Energy Authority</subfield><subfield code="c">1965</subfield></datafield><datafield ind1=" " ind2=" " tag="300"><subfield code="a">62P</subfield></datafield><datafield ind1=" " ind2=" " tag="852"><subfield code="a">D.185</subfield></datafield><datafield ind1=" " ind2=" " tag="CAT"><subfield code="a">Sys</subfield><subfield code="c">20130219</subfield><subfield code="h">180038</subfield></datafield></record></collection>